@ARTICLE{1987ApJ...317..992J,
       author = {{Jewitt}, D.~C. and {Meech}, K.~J.},
        title = "{Surface Brightness Profiles of 10 Comets}",
      journal = {\apj},
     keywords = {Brightness Distribution, Comets, Radial Distribution, Astronomical Photometry, Gases, Monte Carlo Method, Radiation Pressure, Sublimation, COMETS, OPTICAL PROPERTIES, BRIGHTNESS, CCD METHODS, WAVELENGTHS, COMAE, PHOTOMETRY, MODELS, MONTE CARLO METHODS, RADIATION, PRESSURE, DYNAMICS, GRAINS, GASES, SUBLIMATION, EARTH-BASED OBSERVATIONS, TELESCOPE METHODS, GIACOBINI-ZINNER, GICLAS, SHOEMAKER 3, MAURY, KOJIMA, HALLEY, GUNN, DANIEL, WHIPPLE, GEHRELS, PROCEDURE, ASTRONOMY, Astrophysics; Comets, COMETS, PHOTOMETRY},
         year = 1987,
        month = jun,
       volume = {317},
        pages = {992},
          doi = {10.1086/165347},
       adsurl = {https://ui.adsabs.harvard.edu/abs/1987ApJ...317..992J},
      adsnote = {Provided by the SAO/NASA Astrophysics Data System}
}

