@ARTICLE{1931TrOS...33...73S,
       author = {{Smith}, T. and {Guild}, J.},
        title = "{The C.I.E. colorimetric standards and their use}",
      journal = {Transactions of the Optical Society},
         year = 1931,
        month = jan,
       volume = {33},
       number = {3},
        pages = {73-134},
          doi = {10.1088/1475-4878/33/3/301},
       adsurl = {https://ui.adsabs.harvard.edu/abs/1931TrOS...33...73S},
      adsnote = {Provided by the SAO/NASA Astrophysics Data System}
}

