@Misc{github,
  author =   {PoruchikRzhevsky},
  title =    {Praktikum-z-astronomie},
  howpublished = {\url{https://github.com/PoruchikRzhevsky/Praktikum-z-astronomie}}
}