@ARTICLE{1953ApJ...117..313J,
       author = {{Johnson}, H.~L. and {Morgan}, W.~W.},
        title = "{Fundamental stellar photometry for standards of spectral type on the Revised System of the Yerkes Spectral Atlas.}",
      journal = {\apj},
         year = 1953,
        month = may,
       volume = {117},
        pages = {313},
          doi = {10.1086/145697},
       adsurl = {https://ui.adsabs.harvard.edu/abs/1953ApJ...117..313J},
      adsnote = {Provided by the SAO/NASA Astrophysics Data System}
}

