@Misc{github,
  author =   {PoruchikRzhevsky},
  title =    {Praktikum-z-astronomie},
  howpublished = {\url{https://github.com/PoruchikRzhevsky/Praktikum-z-astronomie}}
}

@ARTICLE{sutter2022,
       author = {{Sutter}, Jessica and {Fadda}, Dario},
        title = "{A Molecular Gas Ring Hidden in the Sombrero Galaxy}",
      journal = {\apj},
     keywords = {Infrared galaxies, Molecular gas, Galaxy environments, Interstellar medium, 790, 1073, 2029, 847, Astrophysics - Astrophysics of Galaxies},
         year = 2022,
        month = dec,
       volume = {941},
       number = {1},
          eid = {47},
        pages = {47},
          doi = {10.3847/1538-4357/ac9d8f},
archivePrefix = {arXiv},
       eprint = {2210.13527},
 primaryClass = {astro-ph.GA},
       adsurl = {https://ui.adsabs.harvard.edu/abs/2022ApJ...941...47S},
      adsnote = {Provided by the SAO/NASA Astrophysics Data System}
}

@ARTICLE{menezes2013,
       author = {{Menezes}, R.~B. and {Steiner}, J.~E. and {Ricci}, T.~V.},
        title = "{Collimation and Scattering of the Active Galactic Nucleus Emission in the Sombrero Galaxy}",
      journal = {\apjl},
     keywords = {galaxies: active, galaxies: individual: M104, galaxies: nuclei, techniques: spectroscopic, Astrophysics - Cosmology and Extragalactic Astrophysics},
         year = 2013,
        month = mar,
       volume = {765},
       number = {2},
          eid = {L40},
        pages = {L40},
          doi = {10.1088/2041-8205/765/2/L40},
archivePrefix = {arXiv},
       eprint = {1302.6649},
 primaryClass = {astro-ph.CO},
       adsurl = {https://ui.adsabs.harvard.edu/abs/2013ApJ...765L..40M},
      adsnote = {Provided by the SAO/NASA Astrophysics Data System}
}

@ARTICLE{delooze2012,
       author = {{De Looze}, Ilse and {Baes}, Maarten and {Fritz}, Jacopo and {Verstappen}, Joris},
        title = "{Panchromatic radiative transfer modelling of stars and dust in the Sombrero galaxy}",
      journal = {\mnras},
     keywords = {radiative transfer, dust, extinction, galaxies: individual: M104, galaxies: ISM, infrared: galaxies, Astrophysics - Cosmology and Nongalactic Astrophysics},
         year = 2012,
        month = jan,
       volume = {419},
       number = {1},
        pages = {895-903},
          doi = {10.1111/j.1365-2966.2011.19759.x},
archivePrefix = {arXiv},
       eprint = {1109.0212},
 primaryClass = {astro-ph.CO},
       adsurl = {https://ui.adsabs.harvard.edu/abs/2012MNRAS.419..895D},
      adsnote = {Provided by the SAO/NASA Astrophysics Data System}
}

@misc{fesen2024,
      title={Deep Optical Emission-Line Images of Nine Known and Three New Galactic Supernova Remnants}, 
      author={Robert A. Fesen and Marcel Drechsler and Xavier Strottner and Bray Falls and Yann Sainty and Nicolas Martino and Richard Galli and Mathew Ludgate and Markus Blauensteiner and Wolfgang Reich and Sean Walker and Dennis di Cicco and David Mittelman and Curtis Morgan and Aziz Ettahar Kaeouach and Justin Rupert and Zouhair Benkhaldoun},
      year={2024},
      eprint={2403.00317},
      archivePrefix={arXiv},
      primaryClass={astro-ph.HE},
      url={https://arxiv.org/abs/2403.00317}, 
}

@ARTICLE{barker1987,
       author = {{Barker}, Timothy},
        title = "{The Ionization Structure of Planetary Nebulae. VII. New Observations of the Ring Nebula}",
      journal = {\apj},
     keywords = {Emission Spectra, Ionization, Line Spectra, Observation, Planetary Nebulae, Abundance, Atomic Excitations, Spectrophotometers, Stellar Composition, Astrophysics, NEBULAE: ABUNDANCES, NEBULAE: INDIVIDUAL MESSIER NUMBER: M57, NEBULAE: INDIVIDUAL NGC NUMBER: NGC 6720, NEBULAE: PLANETARY, ULTRAVIOLET: SPECTRA},
         year = 1987,
        month = nov,
       volume = {322},
        pages = {922},
          doi = {10.1086/165787},
       adsurl = {https://ui.adsabs.harvard.edu/abs/1987ApJ...322..922B},
      adsnote = {Provided by the SAO/NASA Astrophysics Data System}
}

@ARTICLE{hoof2010,
       author = {{van Hoof}, P.~A.~M. and {van de Steene}, G.~C. and {Barlow}, M.~J. and {Exter}, K.~M. and {Sibthorpe}, B. and {Ueta}, T. and {Peris}, V. and {Groenewegen}, M.~A.~T. and {Blommaert}, J.~A.~D.~L. and {Cohen}, M. and {De Meester}, W. and {Ferland}, G.~J. and {Gear}, W.~K. and {Gomez}, H.~L. and {Hargrave}, P.~C. and {Huygen}, E. and {Ivison}, R.~J. and {Jean}, C. and {Leeks}, S.~J. and {Lim}, T.~L. and {Olofsson}, G. and {Polehampton}, E.~T. and {Regibo}, S. and {Royer}, P. and {Swinyard}, B.~M. and {Vandenbussche}, B. and {van Winckel}, H. and {Waelkens}, C. and {Walker}, H.~J. and {Wesson}, R.},
        title = "{Herschel images of NGC 6720: H$_{2}$ formation on dust grains}",
      journal = {\aap},
     keywords = {planetary nebulae: individual: NGC 6720, circumstellar matter, dust, extinction, infrared: ISM, ISM: molecules, Astrophysics - Solar and Stellar Astrophysics},
         year = 2010,
        month = jul,
       volume = {518},
          eid = {L137},
        pages = {L137},
          doi = {10.1051/0004-6361/201014590},
archivePrefix = {arXiv},
       eprint = {1005.1502},
 primaryClass = {astro-ph.SR},
       adsurl = {https://ui.adsabs.harvard.edu/abs/2010A&A...518L.137V},
      adsnote = {Provided by the SAO/NASA Astrophysics Data System}
}

@ARTICLE{mata2016,
       author = {{Mata}, H. and {Ramos-Larios}, G. and {Guerrero}, M.~A. and {Nigoche-Netro}, A. and {Toal{\'a}}, J.~A. and {Fang}, X. and {Rubio}, G. and {Kemp}, S.~N. and {Navarro}, S.~G. and {Corral}, L.~J.},
        title = "{Spitzer mid-infrared spectroscopic observations of planetary nebulae}",
      journal = {\mnras},
     keywords = {ISM: lines and bands, planetary nebulae: general, planetary nebulae: individual: (M 2-51, NGC 2346, NGC 2440, NGC 2818, NGC 3132, NGC 6072, NGC 6445, NGC 6537, NGC 6720, NGC 6781, NGC 7293, infrared: general, Astrophysics - Solar and Stellar Astrophysics, Astrophysics - Astrophysics of Galaxies},
         year = 2016,
        month = jun,
       volume = {459},
       number = {1},
        pages = {841-853},
          doi = {10.1093/mnras/stw646},
archivePrefix = {arXiv},
       eprint = {1603.06667},
 primaryClass = {astro-ph.SR},
       adsurl = {https://ui.adsabs.harvard.edu/abs/2016MNRAS.459..841M},
      adsnote = {Provided by the SAO/NASA Astrophysics Data System}
}

@ARTICLE{larsen2000,
       author = {{Larsen}, S{\o}ren S.},
        title = "{Young massive star clusters in M51}",
      journal = {\mnras},
     keywords = {GALAXIES: INDIVIDUAL: NGC 5194, GALAXIES: INTERACTIONS, GALAXIES: SPIRAL, GALAXIES: STAR CLUSTERS, Astrophysics},
         year = 2000,
        month = dec,
       volume = {319},
       number = {3},
        pages = {893-901},
          doi = {10.1046/j.1365-8711.2000.03913.x},
archivePrefix = {arXiv},
       eprint = {astro-ph/0008191},
 primaryClass = {astro-ph},
       adsurl = {https://ui.adsabs.harvard.edu/abs/2000MNRAS.319..893L},
      adsnote = {Provided by the SAO/NASA Astrophysics Data System}
}

@article{mulcahy2014,
   title={The nature of the low-frequency emission of M51: First observations of a nearby galaxy with LOFAR},
   volume={568},
   ISSN={1432-0746},
   url={http://dx.doi.org/10.1051/0004-6361/201424187},
   DOI={10.1051/0004-6361/201424187},
   journal={Astronomy \&; Astrophysics},
   publisher={EDP Sciences},
   author={Mulcahy, D. D. and Horneffer, A. and Beck, R. and Heald, G. and Fletcher, A. and Scaife, A. and Adebahr, B. and Anderson, J. M. and Bonafede, A. and Brüggen, M. and Brunetti, G. and Chyży, K. T. and Conway, J. and Dettmar, R.-J. and Enßlin, T. and Haverkorn, M. and Horellou, C. and Iacobelli, M. and Israel, F. P. and Junklewitz, H. and Jurusik, W. and Köhler, J. and Kuniyoshi, M. and Orrú, E. and Paladino, R. and Pizzo, R. and Reich, W. and Röttgering, H. J. A.},
   year={2014},
   month=aug, pages={A74} }

@article{liu2015,
   title={On the diffuse soft X-ray emission from the nuclear region of M51},
   volume={15},
   ISSN={1674-4527},
   url={http://dx.doi.org/10.1088/1674-4527/15/12/004},
   DOI={10.1088/1674-4527/15/12/004},
   number={12},
   journal={Research in Astronomy and Astrophysics},
   publisher={IOP Publishing},
   author={Liu, Ji-Ren and Mao, Shu-De},
   year={2015},
   month=dec, pages={2164–2172} }
